<marcxml:record xmlns:xlink="http://www.w3.org/1999/xlink" xmlns:marcxml="http://www.loc.gov/MARC21/slim" xmlns:mets="http://www.loc.gov/METS/" xmlns:mxe="http://www.loc.gov/mxe" xmlns:rdf="http://www.w3.org/1999/02/22-rdf-syntax-ns#" xmlns:rdfs="http://www.w3.org/2000/01/rdf-schema#" xmlns:skos="http://www.w3.org/2004/02/skos/core#" xmlns:madsrdf="http://www.loc.gov/mads/rdf/v1#" xmlns:ri="http://id.loc.gov/ontologies/RecordInfo#" xmlns:sem="http://marklogic.com/semantics">
  <marcxml:leader>00453nz  a2200181n  4500</marcxml:leader>
  <marcxml:controlfield tag="001">nr2003015504</marcxml:controlfield>
  <marcxml:controlfield tag="003">DLC</marcxml:controlfield>
  <marcxml:controlfield tag="005">20030704033107.0</marcxml:controlfield>
  <marcxml:controlfield tag="008">030506n| acaaaaaan          |n ana     c</marcxml:controlfield>
  <marcxml:datafield tag="010" ind1=" " ind2=" ">
    <marcxml:subfield code="a">nr2003015504</marcxml:subfield>
  </marcxml:datafield>
  <marcxml:datafield tag="040" ind1=" " ind2=" ">
    <marcxml:subfield code="a">NjR</marcxml:subfield>
    <marcxml:subfield code="b">eng</marcxml:subfield>
    <marcxml:subfield code="c">NjR</marcxml:subfield>
  </marcxml:datafield>
  <marcxml:datafield tag="130" ind1=" " ind2="0">
    <marcxml:subfield code="a">Guide (Gaeta, Italy)</marcxml:subfield>
  </marcxml:datafield>
  <marcxml:datafield tag="642" ind1=" " ind2=" ">
    <marcxml:subfield code="a">2</marcxml:subfield>
    <marcxml:subfield code="5">DPCC</marcxml:subfield>
    <marcxml:subfield code="5">NjR</marcxml:subfield>
  </marcxml:datafield>
  <marcxml:datafield tag="643" ind1=" " ind2=" ">
    <marcxml:subfield code="a">Gaeta, Italy</marcxml:subfield>
    <marcxml:subfield code="b">Odysseus</marcxml:subfield>
  </marcxml:datafield>
  <marcxml:datafield tag="644" ind1=" " ind2=" ">
    <marcxml:subfield code="a">f</marcxml:subfield>
    <marcxml:subfield code="5">NjR</marcxml:subfield>
  </marcxml:datafield>
  <marcxml:datafield tag="645" ind1=" " ind2=" ">
    <marcxml:subfield code="a">t</marcxml:subfield>
    <marcxml:subfield code="5">DPCC</marcxml:subfield>
    <marcxml:subfield code="5">NjR</marcxml:subfield>
  </marcxml:datafield>
  <marcxml:datafield tag="646" ind1=" " ind2=" ">
    <marcxml:subfield code="a">s</marcxml:subfield>
    <marcxml:subfield code="5">NjR</marcxml:subfield>
  </marcxml:datafield>
  <marcxml:datafield tag="670" ind1=" " ind2=" ">
    <marcxml:subfield code="a">Castelli del Lazio, 2000:</marcxml:subfield>
    <marcxml:subfield code="b">ser. t.p. (Guide / 2)</marcxml:subfield>
  </marcxml:datafield>
</marcxml:record>
